@article{attard-2015-opengov,
title = {A systematic review of open government data initiatives},
journal = {Government Information Quarterly},
volume = {32},
number = {4},
pages = {399-418},
year = {2015},
issn = {0740-624X},
doi = {10.1016/j.giq.2015.07.006},
author = {Judie Attard and Fabrizio Orlandi and Simon Scerri and Sören Auer},
}

@inproceedings{panko-2015-errors,
  author    = {Raymond R. Panko},
  title     = {What We Don't Know About Spreadsheet Errors Today},
  booktitle = {Proceedings of the EuSpRIG 2015 Conference ``Spreadsheet Risk Management''},
  year      = {2015},
  isbn      = {978-1-905404-52-0},
  pages     = {1--15},
  publisher = {European Spreadsheet Risks Interest Group},
}

@inproceedings{muller-2020-rhetoric,
author = {Muller, Stefan K. and Ringler, Hannah},
title = {A rhetorical framework for programming language evaluation},
year = {2020},
isbn = {9781450381789},
publisher = {Association for Computing Machinery},
address = {New York, NY, USA},
doi = {10.1145/3426428.3426927},
booktitle = {Proceedings of the 2020 ACM SIGPLAN International Symposium on New Ideas, New Paradigms, and Reflections on Programming and Software},
pages = {187–194},
numpages = {8},
series = {Onward! 2020}
}

@article{chasins-2021-plhci,
author = {Chasins, Sarah E. and Glassman, Elena L. and Sunshine, Joshua},
title = {PL and HCI: better together},
year = {2021},
issue_date = {August 2021},
publisher = {Association for Computing Machinery},
address = {New York, NY, USA},
volume = {64},
number = {8},
issn = {0001-0782},
doi = {10.1145/3469279},
journal = {Commun. ACM},
month = {jul},
pages = {98–106},
numpages = {9}
}

@book{bounegru-2021-handbook,
  title={The Data Journalism Handbook: Towards a Critical Data Practice},
  author={Bounegru, Liliana and Gray, Jonathan},
  year={2021},
  publisher={Amsterdam University Press}
}
@inproceedings{syme-2013-inforich,
author = {Syme, Don and Battocchi, Keith and Takeda, Kenji and Malayeri, Donna and Petricek, Tomas},
title = {Themes in information-rich functional programming for internet-scale data sources},
year = {2013},
isbn = {9781450318716},
__publisher = {Association for Computing Machinery},
publisher = {ACM},
address = {New York, NY, USA},
doi = {10.1145/2429376.2429378},
booktitle = {Proceedings of the 2013 Workshop on Data Driven Functional Programming},
pages = {1–4},
numpages = {4},
__location = {Rome, Italy},
series = {DDFP '13}
}

@book{rattenbury-2017-wrangling,
  title={Principles of data wrangling: Practical techniques for data preparation},
  author={Rattenbury, Tye and Hellerstein, Joseph M and Heer, Jeffrey and Kandel, Sean and Carreras, Connor},
  year={2017},
  __publisher={O'Reilly Media, Inc.},
  publisher={O'Reilly}
}

@techreport{syme-2012-providers,
  title={Strongly-typed language support for internet-scale information sources},
  author={Syme, Don and Battocchi, Keith and Takeda, Kenji and Malayeri, Donna and Fisher, Jomo and Hu, Jack and Liu, Tao and McNamara, Brian and Quirk, Daniel and Taveggia, Matteo and others},
  institution={Microsoft Research},
  number={MSR-TR-2012-101},
  year={2012}
}

@online{ibm-2020-lifecycle,
  title={The Data Science Lifecycle: From experimentation to production-level data science},
  author={{IBM}},
  year={2020},
  urldate={2024-01-26},
  url={https://public.dhe.ibm.com/software/data/sw-library/analytics/data-science-lifecycle/}
}
@online{npr-2016-phelps,
  title={If Michael Phelps Were A Country, Where Would His Gold Medal Tally Rank?},
  author={Greg Myre},
  url={https://www.npr.org/sections/thetorch/2016/08/14/489832779/},
  urldate={2021-03-22},
  year={2016}
}


@article{davies-2017-statistics,
  title={How statistics lost their power--and why we should fear what comes next},
  author={Davies, William},
  journal={The Guardian},
  year={2017},
  month={19 January},
  url={https://www.theguardian.com/politics/2017/jan/19/crisis-of-statistics-big-data-democracy}
}

@online{edwards-2015-transcript,
  author      = {Jonathan Edwards},
  title       = {Transcript: End-User Programming Of Social Apps},
  year        = {2015},
  url         = {https://www.youtube.com/watch?v=XBpwysZtkkQ},
  note        = {YOW! 2015},
}

@article{wickham-2019-tidyverse,
  title={Welcome to the Tidyverse},
  author={Wickham, Hadley and Averick, Mara and Bryan, Jennifer and Chang, Winston and McGowan, Lucy D'Agostino and Fran{\c{c}}ois, Romain and Grolemund, Garrett and Hayes, Alex and Henry, Lionel and Hester, Jim and others},
  journal={Journal of open source software},
  volume={4},
  number={43},
  pages={1686},
  year={2019}
}

@article{gibbons-2010-pearl,
  title={Editorial},
  volume={20},
  DOI={10.1017/S0956796809990256},
  number={1},
  journal={Journal of Functional Programming},
  author={Gibbons, Jeremy},
  year={2010},
  pages={1–1}
}

@inproceedings{kluyver-2016-jupyter,
  title={Jupyter Notebooks-a publishing format for reproducible computational workflows},
  author={Kluyver, Thomas and Ragan-Kelley, Benjamin and P{\'e}rez, Fernando and Granger, Brian E and Bussonnier, Matthias and Frederic, Jonathan and Kelley, Kyle and Hamrick, Jessica B and Grout, Jason and Corlay, Sylvain and others},
  editor={Loizides, Fernando and Schmidt, Birgit},
  booktitle={20th International Conference on Electronic Publishing},
  doi={10.3233/978-1-61499-649-1-87},
  pages={87--90},
  year={2016}
}

@inproceedings{wesley-2011-tableau,
author = {Wesley, Richard and Eldridge, Matthew and Terlecki, Pawel T.},
title = {An analytic data engine for visualization in tableau},
year = {2011},
isbn = {9781450306614},
publisher = {Association for Computing Machinery},
address = {New York, NY, USA},
doi = {10.1145/1989323.1989449},
booktitle = {Proceedings of the 2011 ACM SIGMOD International Conference on Management of Data},
pages = {1185–1194},
numpages = {10},
location = {Athens, Greece},
series = {SIGMOD '11}
}

@article{jakubovic-2023-techdims,
  title={Technical Dimensions of Programming Systems},
  author={Jakubovic, Joel and Edwards, Jonathan and Petricek, Tomas},
  journal={The Art, Science, and Eng. of Programming},
  volume={7},
  number={3},
  pages={1--13},
  year={2023}
}


@inproceedings{sarkar-2018-spreadsheets,
  title={How do people learn to use spreadsheets?},
  author={Sarkar, Advait and Gordon, Andrew D},
  booktitle={Proceedings of the Psychology of Programming Interest Group (PPIG)},
  editor={Emma S\:oderberg, Luke Church, Mariana Marasoiu},
  year={2018}
}


@article{kennedy-2021-engagements,
  title={Data visualisations: Newsroom trends and everyday engagements},
  author={Kennedy, Helen and Engebretsen, Martin and Hill, Rosemary L and Kirk, Andy and Weber, Wibke},
  journal={The Data Journalism Handbook: Towards a Critical Data Practice},
  pages={162--173},
  year={2021},
  publisher={Amsterdam University Press}
}
